@article{rose2015internet,
  title={The internet of things: An overview},
  author={Rose, Karen and Eldridge, Scott and Chapin, Lyman},
  journal={The internet society (ISOC)},
  volume={80},
  pages={1--50},
  year={2015},
  publisher={Reston, VA}
}
